@book{0-19-829683-5,
author = {Engle, Robert F. and Lee, Gary G.J.},
pages = {475--497},
title = {{A long-run and short-run component model of stock return volaility}},
year = {1999}
}
@article{fama1965behavior,
author = {Fama, Eugene F},
journal = {Journal of business},
pages = {34--105},
publisher = {JSTOR},
title = {{The behavior of stock-market prices}},
year = {1965}
}
@book{39230ca1ccbb48f58407b8b08d4ac72d,
author = {Feng, Yuanhua},
title = {{Kernel- and Locally Weighted Regression -- with Application to Time Series Decomposition}},
year = {1999}
}
@manual{Ghalanos_2014,
annote = {R package version 1.3-4.},
author = {Ghalanos, Alexios},
title = {{\{rugarch\}: Univariate GARCH models.}},
year = {2014}
}
@book{mandelbrot1997variation,
author = {Mandelbrot, Benoit B},
publisher = {Springer},
title = {{The variation of certain speculative prices}},
year = {1997}
}
@misc{stephen1986modelling,
author = {STEPHEN, J TAYLOR},
publisher = {John Wiley, Chichester (UK)},
title = {{Modelling Financial Time Series}},
year = {1986}
}
@misc{stephen1986modelling,
author = {Taylor, Stephen},
publisher = {John Wiley, Chichester (UK)},
title = {{Modelling Financial Time Series}},
year = {1986}
}
